<?xml version="1.0" encoding="UTF-8"?><collection xmlns="http://www.loc.gov/MARC21/slim"><record><leader>00327nam--2200121-i-4500</leader><controlfield tag="001">000026439</controlfield><controlfield tag="002">20161230</controlfield><controlfield tag="005">20161230201036</controlfield><controlfield tag="008">060222s1000------------r-----000-0-eng-d</controlfield><datafield ind1=" " ind2=" " tag="100"><subfield code="a">Katz, Joseph J.And Seaborg, Glenn T</subfield></datafield><datafield ind1=" " ind2=" " tag="245"><subfield code="a">The chemistry of the actinide elements</subfield></datafield><datafield ind1=" " ind2=" " tag="260"><subfield code="a">London, Methuen, 1957, Xv + 508p</subfield></datafield><datafield ind1=" " ind2=" " tag="852"><subfield code="a">13476</subfield></datafield></record></collection>